%-------------------------------------------------------------------
% MISC
%-------------------------------------------------------------------

@article{multiple_comparisons,
  title={Statistical comparisons of classifiers over multiple data sets},
  author={Dem{\v{s}}ar, Janez},
  journal={Journal of Machine learning research},
  volume={7},
  number={Jan},
  pages={1--30},
  year={2006}
}

@article{mimic,
  title={MIMIC-III, a freely accessible critical care database},
  author={Johnson, Alistair EW and Pollard, Tom J and Shen, Lu and Li-Wei, H Lehman and Feng, Mengling and Ghassemi, Mohammad and Moody, Benjamin and Szolovits, Peter and Celi, Leo Anthony and Mark, Roger G},
  journal={Scientific data},
  volume={3},
  number={1},
  pages={1--9},
  year={2016},
  publisher={Nature Publishing Group}
}

@misc{statistical_theory,
  title={Machine learning},
  author={Mitchell, Thomas M and others},
  year={1997},
  publisher={McGraw-Hill, Inc., New York, NY, USA}
}


@phdthesis{tornado,
  title={A Reservoir of Adaptive Algorithms for Online Learning from Evolving Data Streams},
  author={Pesaranghader, Ali},
  year={2018},
  school={University of Ottawa}
}

@inproceedings{hoeffding_trees,
  title={Mining high-speed data streams},
  author={Domingos, Pedro and Hulten, Geoff},
  booktitle={Proceedings of the sixth ACM SIGKDD international conference on Knowledge discovery and data mining},
  pages={71--80},
  year={2000}
}

@inproceedings{perceptron,
  title={Fast perceptron decision tree learning from evolving data streams},
  author={Bifet, Albert and Holmes, Geoff and Pfahringer, Bernhard and Frank, Eibe},
  booktitle={Pacific-Asia conference on knowledge discovery and data mining},
  pages={299--310},
  year={2010},
  organization={Springer}
}

@inproceedings{ME,
  title={Predicting air quality from low-cost sensor measurements},
  author={Huggard, Hamish and Koh, Yun Sing and Riddle, Patricia and Olivares, Gustavo},
  booktitle={Australasian Conference on Data Mining},
  pages={94--106},
  year={2018},
  organization={Springer}
}

@article{characterizing_drift,
  title={Characterizing concept drift},
  author={Webb, Geoffrey I and Hyde, Roy and Cao, Hong and Nguyen, Hai Long and Petitjean, Francois},
  journal={Data Mining and Knowledge Discovery},
  volume={30},
  number={4},
  pages={964--994},
  year={2016},
  publisher={Springer}
}

@article{dataset_drift,
  title={A unifying view on dataset shift in classification},
  author={Moreno-Torres, Jose G and Raeder, Troy and Alaiz-Rodr{\'\i}Guez, Roc{\'\i}O and Chawla, Nitesh V and Herrera, Francisco},
  journal={Pattern recognition},
  volume={45},
  number={1},
  pages={521--530},
  year={2012},
  publisher={Elsevier}
}





%-------------------------------------------------------------------
% MEDICAL
%-------------------------------------------------------------------

@manual{UK_mental_triage,
    title={UK Mental Health Triage Scale Guidelines},
    author={Sands, N., Elsom, S. and Colgate, R.},
    year={2015},
    publisher={UK Mental Health Triage Scale Project},
    country={Wales},
    url={https://ukmentalhealthtriagescaledotorg.files.wordpress.com/2016/01/uk-mhts-guidelines-for-use.pdf}
}

@manual{musculoskeletal_services,
    title={Referral Triage Guidelines},
    year={2018},
    publisher={CHHHS-Specialist Outpatient Services},
    url={https://www.healthiernorthwestlondon.nhs.uk/sites/nhsnwlondon/files/documents/musculoskeletal_referral_criteria_and_triage_specification_-_final_sep_2018.pdf},
    country={Australia}
}

@manual{aus_triage, 
    title={Musculoskeletal Services; Supporting Self-management Pharmacological Management Triage Specification Pathway Referral Criteria},
    author={Bernstein, Ian, et al.},
    year={2015},
    publisher={NHS North West London Collaboration of Clinical Comissioning Groups},
    url={https://www.health.qld.gov.au/__data/assets/pdf_file/0031/158746/gp-triage-dermatology.pdf},
    country={Wales}
}

@article{ehr_adoption,
  title={Meaningful use of electronic health records: the road ahead},
  author={Jha, Ashish K},
  journal={Jama},
  volume={304},
  number={15},
  pages={1709--1710},
  year={2010},
  publisher={American Medical Association}
}

@article{ehr_opportunities,
  title={Mining Electronic Health Records (EHRs) A Survey},
  author={Yadav, Pranjul and Steinbach, Michael and Kumar, Vipin and Simon, Gyorgy},
  journal={ACM Computing Surveys (CSUR)},
  volume={50},
  number={6},
  pages={1--40},
  year={2018},
  publisher={ACM New York, NY, USA}
}

@misc{pdh,
  title = {{A Deep Learning Platform for GP Referral Triage}},
  howpublished = {\url{hhttps://precisiondrivenhealth.com/a-deep-learning-platform-for-gp-referral-triage/}},
  note = {Accessed: 2020-06-30}
}

%-------------------------------------------------------------------
% DRIFT DETECTION ALGORITHMS
%-------------------------------------------------------------------

@article{CUSUM,
  title={Continuous inspection schemes},
  author={Page, Ewan S},
  journal={Biometrika},
  volume={41},
  number={1/2},
  pages={100--115},
  year={1954},
  publisher={JSTOR}
}

@article{STAGGER,
  title={Incremental learning from noisy data},
  author={Schlimmer, Jeffrey C and Granger, Richard H},
  journal={Machine learning},
  volume={1},
  number={3},
  pages={317--354},
  year={1986},
  publisher={Springer}
}

@article{FLORA,
  title={Learning in the presence of concept drift and hidden contexts},
  author={Widmer, Gerhard and Kubat, Miroslav},
  journal={Machine learning},
  volume={23},
  number={1},
  pages={69--101},
  year={1996},
  publisher={Springer}
}

@inproceedings{SVM_detection,
  title={Detecting concept drift with support vector machines.},
  author={Klinkenberg, Ralf and Joachims, Thorsten},
  booktitle={ICML},
  pages={487--494},
  year={2000}
}

@inproceedings{DDM,
  title={Learning with drift detection},
  author={Gama, Joao and Medas, Pedro and Castillo, Gladys and Rodrigues, Pedro},
  booktitle={Brazilian symposium on artificial intelligence},
  pages={286--295},
  year={2004},
  organization={Springer}
}

@inproceedings{EDDM,
  title={Early drift detection method},
  author={Baena-Garc{\i}a, Manuel and del Campo-{\'A}vila, Jos{\'e} and Fidalgo, Ra{\'u}l and Bifet, Albert and Gavalda, R and Morales-Bueno, R},
  booktitle={Fourth international workshop on knowledge discovery from data streams},
  volume={6},
  pages={77--86},
  year={2006}
}

@inproceedings{ADWIN,
  title={Learning from time-changing data with adaptive windowing},
  author={Bifet, Albert and Gavalda, Ricard},
  booktitle={Proceedings of the 2007 SIAM international conference on data mining},
  pages={443--448},
  year={2007},
  organization={SIAM}
}

@inproceedings{STEPD,
  title={Detecting concept drift using statistical testing},
  author={Nishida, Kyosuke and Yamauchi, Koichiro},
  booktitle={International conference on discovery science},
  pages={264--269},
  year={2007},
  organization={Springer}
}

@inproceedings{PL,
  title={Paired learners for concept drift},
  author={Bach, Stephen H and Maloof, Marcus A},
  booktitle={2008 Eighth IEEE International Conference on Data Mining},
  pages={23--32},
  year={2008},
  organization={IEEE}
}

@inproceedings{DoF,
  title={New drift detection method for data streams},
  author={Sobhani, Parinaz and Beigy, Hamid},
  booktitle={International conference on adaptive and intelligent systems},
  pages={88--97},
  year={2011},
  organization={Springer}
}

@article{ECDDM,
  title={Exponentially weighted moving average charts for detecting concept drift},
  author={Ross, Gordon J and Adams, Niall M and Tasoulis, Dimitris K and Hand, David J},
  journal={Pattern recognition letters},
  volume={33},
  number={2},
  pages={191--198},
  year={2012},
  publisher={Elsevier}
}

@inproceedings{SEED,
  title={Detecting volatility shift in data streams},
  author={Huang, David Tse Jung and Koh, Yun Sing and Dobbie, Gillian and Pears, Russel},
  booktitle={2014 IEEE International Conference on Data Mining},
  pages={863--868},
  year={2014},
  organization={IEEE}
}

@article{seq_drift,
  title={Detecting concept change in dynamic data streams},
  author={Pears, Russel and Sakthithasan, Sripirakas and Koh, Yun Sing},
  journal={Machine Learning},
  volume={97},
  number={3},
  pages={259--293},
  year={2014},
  publisher={Springer}
}

@article{HDDM,
  title={Online and non-parametric drift detection methods based on Hoeffdingâ€™s bounds},
  author={Fr{\'\i}as-Blanco, Isvani and del Campo-{\'A}vila, Jos{\'e} and Ramos-Jimenez, Gonzalo and Morales-Bueno, Rafael and Ortiz-D{\'\i}az, Agust{\'\i}n and Caballero-Mota, Yail{\'e}},
  journal={IEEE Transactions on Knowledge and Data Engineering},
  volume={27},
  number={3},
  pages={810--823},
  year={2014},
  publisher={IEEE}
}

@article{ELM,
  title={Ensemble of subset online sequential extreme learning machine for class imbalance and concept drift},
  author={Mirza, Bilal and Lin, Zhiping and Liu, Nan},
  journal={Neurocomputing},
  volume={149},
  pages={316--329},
  year={2015},
  publisher={Elsevier}
}

@inproceedings{FHDDM,
  title={Fast hoeffding drift detection method for evolving data streams},
  author={Pesaranghader, Ali and Viktor, Herna L},
  booktitle={Joint European conference on machine learning and knowledge discovery in databases},
  pages={96--111},
  year={2016},
  organization={Springer}
}

@phdthesis{EMZD,
  title={Statistical tests and detection of concept drifts in data streams},
  author={Cabral, DRL},
  year={2017},
  school={M. Sc. Dissertation, Centro de Inform{\'a}tica, Universidade Federal de Pernambuco}
}

@article{de2017advances,
  title={Advances in data stream mining with concept drift},
  author={de Barros, Roberto Souto Maior},
  year={2017}
}

@article{RDDM,
  title={RDDM: Reactive drift detection method},
  author={Barros, Roberto SM and Cabral, Danilo RL and Gon{\c{c}}alves Jr, Paulo M and Santos, Silas GTC},
  journal={Expert Systems with Applications},
  volume={90},
  pages={344--355},
  year={2017},
  publisher={Elsevier}
}

@article{WSTD,
  title={Wilcoxon rank sum test drift detector},
  author={de Barros, Roberto Souto Maior and Hidalgo, Juan Isidro Gonz{\'a}lez and de Lima Cabral, Danilo Rafael},
  journal={Neurocomputing},
  volume={275},
  pages={1954--1963},
  year={2018},
  publisher={Elsevier}
}

@article{FTDD,
  title={Concept drift detection based on Fisherâ€™s Exact test},
  author={de Lima Cabral, Danilo Rafael and de Barros, Roberto Souto Maior},
  journal={Information Sciences},
  volume={442},
  pages={220--234},
  year={2018},
  publisher={Elsevier}
}

@article{EWMA,
  title={Control chart tests based on geometric moving averages},
  author={Roberts, SW},
  journal={Technometrics},
  volume={1},
  number={3},
  pages={239--250},
  year={1959},
  publisher={Taylor \& Francis Group}
}

@inproceedings{MDDM,
  title={McDiarmid drift detection methods for evolving data streams},
  author={Pesaranghader, Ali and Viktor, Herna L and Paquet, Eric},
  booktitle={2018 International Joint Conference on Neural Networks (IJCNN)},
  pages={1--9},
  year={2018},
  organization={IEEE}
}

@inproceedings{perfsim,
  title={The PerfSim algorithm for concept drift detection in imbalanced data},
  author={Antwi, Daniel K and Viktor, Herna L and Japkowicz, Nathalie},
  booktitle={2012 IEEE 12th International Conference on Data Mining Workshops},
  pages={619--628},
  year={2012},
  organization={IEEE}
}


@inproceedings{CSDD,
  title={Cosine Similarity Drift Detector},
  author={Hidalgo, Juan Isidro Gonz{\'a}lez and Mari{\~n}o, Laura Maria Palomino and de Barros, Roberto Souto Maior},
  booktitle={International Conference on Artificial Neural Networks},
  pages={669--685},
  year={2019},
  organization={Springer}
}

@inproceedings{DDM-OCIa,
  title={A learning framework for online class imbalance learning},
  author={Wang, Shuo and Minku, Leandro L and Yao, Xin},
  booktitle={2013 IEEE Symposium on Computational Intelligence and Ensemble Learning (CIEL)},
  pages={36--45},
  year={2013},
  organization={IEEE}
}

@inproceedings{DDM-OCIb,
  title={Concept drift detection for online class imbalance learning},
  author={Wang, Shuo and Minku, Leandro L and Ghezzi, Davide and Caltabiano, Daniele and Tino, Peter and Yao, Xin},
  booktitle={The 2013 International Joint Conference on Neural Networks (IJCNN)},
  pages={1--10},
  year={2013},
  organization={IEEE}
}

@inproceedings{LFR,
  title={Concept drift detection for streaming data},
  author={Wang, Heng and Abraham, Zubin},
  booktitle={2015 International Joint Conference on Neural Networks (IJCNN)},
  pages={1--9},
  year={2015},
  organization={IEEE}
}

@inproceedings{LLD,
  title={Regional concept drift detection and density synchronized drift adaptation},
  author={Liu, Anjin and Song, Yiliao and Zhang, Guangquan and Lu, Jie},
  booktitle={IJCAI International Joint Conference on Artificial Intelligence},
  year={2017}
}



%-------------------------------------------------------------------
% Bayesian drift detectors
%-------------------------------------------------------------------

@inproceedings{BCMC,
  title={A bayesian approach to concept drift},
  author={Bach, Stephen and Maloof, Mark},
  booktitle={Advances in neural information processing systems},
  pages={127--135},
  year={2010}
}

@article{fearnhead,
  title={Exact and efficient Bayesian inference for multiple changepoint problems},
  author={Fearnhead, Paul},
  journal={Statistics and computing},
  volume={16},
  number={2},
  pages={203--213},
  year={2006},
  publisher={Springer}
}

@article{barry_hartigan,
  title={Product partition models for change point problems},
  author={Barry, Daniel and Hartigan, John A},
  journal={The Annals of Statistics},
  pages={260--279},
  year={1992},
  publisher={JSTOR}
}

@article{adams_mackay,
  title={Bayesian online changepoint detection},
  author={Adams, Ryan Prescott and MacKay, David JC},
  journal={arXiv preprint arXiv:0710.3742},
  year={2007}
}

%-------------------------------------------------------------------
% SURVEYS
%-------------------------------------------------------------------

@article{barros_comparison,
  title={A large-scale comparison of concept drift detectors},
  author={Barros, Roberto Souto Maior and Santos, Silas Garrido T Carvalho},
  journal={Information Sciences},
  volume={451},
  pages={348--370},
  year={2018},
  publisher={Elsevier}
}

@article{gama_survey,
  title={A survey on concept drift adaptation},
  author={Gama, Jo{\~a}o and {\v{Z}}liobait{\.e}, Indr{\.e} and Bifet, Albert and Pechenizkiy, Mykola and Bouchachia, Abdelhamid},
  journal={ACM computing surveys (CSUR)},
  volume={46},
  number={4},
  pages={1--37},
  year={2014},
  publisher={ACM New York, NY, USA}
}

%-------------------------------------------------------------------
% CALIBRATION
%-------------------------------------------------------------------

@article{scoring_rules,
  title={Calibration Scoring Rules for Practical Prediction Training},
  author={Greenberg, Spencer},
  journal={arXiv preprint arXiv:1808.07501},
  year={2018}
}

@inproceedings{calibrating,
  title={Predicting good probabilities with supervised learning},
  author={Niculescu-Mizil, Alexandru and Caruana, Rich},
  booktitle={Proceedings of the 22nd International Conference on Machine Learning},
  pages     = {625--632},
  publisher = {{ACM}},
  year={2005}
}

@book{superforecasting,
  title={Superforecasting: The art and science of prediction},
  author={Tetlock, Philip E and Gardner, Dan},
  year={2016},
  publisher={Random House}
}

@article{beyond_sigmoids,
  title={Beyond sigmoids: How to obtain well-calibrated probabilities from binary classifiers with beta calibration},
  author={Kull, Meelis and Silva Filho, Telmo M and Flach, Peter and others},
  journal={Electronic Journal of Statistics},
  volume={11},
  number={2},
  pages={5052--5080},
  year={2017},
  publisher={The Institute of Mathematical Statistics and the Bernoulli Society}
}

@article{platt,
  title={Probabilistic outputs for support vector machines and comparisons to regularized likelihood methods},
  author={Platt, John and others},
  journal={Advances in large margin classifiers},
  volume={10},
  number={3},
  pages={61--74},
  year={1999},
  publisher={Cambridge, MA}
}

@article{nn_calibration,
  title={On calibration of modern neural networks},
  author={Guo, Chuan and Pleiss, Geoff and Sun, Yu and Weinberger, Kilian Q},
  journal={arXiv preprint arXiv:1706.04599},
  year={2017}
}

@inproceedings{trust_model_uncertainty,
  title={Can you trust your model's uncertainty? Evaluating predictive uncertainty under dataset shift},
  author={Ovadia, Yaniv and Fertig, Emily and Ren, Jie and Nado, Zachary and Sculley, David and Nowozin, Sebastian and Dillon, Joshua and Lakshminarayanan, Balaji and Snoek, Jasper},
  booktitle={Advances in Neural Information Processing Systems},
  pages={13991--14002},
  year={2019}
}

@inproceedings{isotonic_calibration,
  title={Transforming classifier scores into accurate multiclass probability estimates},
  author={Zadrozny, Bianca and Elkan, Charles},
  booktitle={Proceedings of the eighth ACM SIGKDD international conference on Knowledge discovery and data mining},
  pages={694--699},
  year={2002}
}

%-------------------------------------------------------------------
% SURVEYS
%-------------------------------------------------------------------
